@InProceedings{eaf,
 author = {Vivek Seshadri and Onur Mutlu and Michael A. Kozuch and Todd C. Mowry },
 title = {The evicted-address filter: a unified mechanism to address both cache pollution and thrashing},
 booktitle = {PACT '12 Proceedings of the 21st international conference on Parallel architectures and compilation techniques},
 OPTcrossref = {},
 key = {2012},
 OPTpages = {},
 OPTyear = {},
 OPTeditor = {},
 OPTvolume = {},
 OPTnumber = {},
 OPTseries = {},
 OPTaddress = {},
 OPTmonth = {},
 OPTorganization = {},
 OPTpublisher = {},
 OPTnote = {},
 OPTannote = {},
 OPTurl = {},
 OPTurldate = {},
 OPTlastchecked = {},
 OPTdoi = {},
 OPTisbn = {},
 OPTissn = {},
 OPTlocalfile = {},
 OPTabstract = {},
 OPTkeywords = {},
}

@InProceedings{rrip,
 author = { Aamer Jaleel and
	Kevin B. Theobald and
	Simon C. Steely, Jr. and
	Joel Emer },
 title = {High performance cache replacement using re-reference interval prediction (RRIP)},
 booktitle = {ISCA '10 Proceedings of the 37th annual international symposium on Computer architecture },
 OPTcrossref = {},
 OPTkey = {},
 OPTpages = {},
 year = {2010},
 OPTeditor = {},
 OPTvolume = {},
 OPTnumber = {},
 OPTseries = {},
 OPTaddress = {},
 OPTmonth = {},
 OPTorganization = {},
 OPTpublisher = {},
 OPTnote = {},
 OPTannote = {},
 OPTurl = {},
 OPTurldate = {},
 OPTlastchecked = {},
 OPTdoi = {},
 OPTisbn = {},
 OPTissn = {},
 OPTlocalfile = {},
 OPTabstract = {},
 OPTkeywords = {},
}

@InProceedings{ship,
 author = {  Carole-Jean Wu and Aamer Jaleel and Will Hasenplaugh and Margaret Martonosi and Simon C. Steely, Jr. and Joel Emer  },
 title = {SHiP: signature-based hit predictor for high performance caching},
 booktitle = {MICRO-44 Proceedings of the 44th Annual IEEE/ACM International Symposium on Microarchitecture},
 OPTcrossref = {},
 OPTkey = {},
 OPTpages = {},
 year = {2011},
 OPTeditor = {},
 OPTvolume = {},
 OPTnumber = {},
 OPTseries = {},
 OPTaddress = {},
 OPTmonth = {},
 OPTorganization = {},
 OPTpublisher = {},
 OPTnote = {},
 OPTannote = {},
 OPTurl = {},
 OPTurldate = {},
 OPTlastchecked = {},
 OPTdoi = {},
 OPTisbn = {},
 OPTissn = {},
 OPTlocalfile = {},
 OPTabstract = {},
 OPTkeywords = {},
}

@InProceedings{sim,
 author = {  A. Jaleel and R. S. Cohn and C.-K. Luk and B. Jacob },
 title = {CMP\$im: APin-based on-the-fly multi-core cache simulator},
 booktitle = {In Proc. of the 4th Workshop on Modeling, Benchmarking and Simulation},
 OPTcrossref = {},
 key = {2008},
 OPTpages = {},
 OPTyear = {},
 OPTeditor = {},
 OPTvolume = {},
 OPTnumber = {},
 OPTseries = {},
 OPTaddress = {},
 OPTmonth = {},
 OPTorganization = {},
 OPTpublisher = {},
 OPTnote = {},
 OPTannote = {},
 OPTurl = {},
 OPTurldate = {},
 OPTlastchecked = {},
 OPTdoi = {},
 OPTisbn = {},
 OPTissn = {},
 OPTlocalfile = {},
 OPTabstract = {},
 OPTkeywords = {},
}